<record><leader>00000cas a22000007a 4500</leader><controlfield tag="001">36911537</controlfield><controlfield tag="008">970515c199u9999ctuwr ne      0    0eng d</controlfield><datafield ind1=" " ind2=" " tag="010"><subfield code="a">sn 97060905 </subfield></datafield><datafield ind1=" " ind2=" " tag="040"><subfield code="a">CNW</subfield><subfield code="b">eng</subfield><subfield code="c">CNW</subfield><subfield code="d">OCL</subfield><subfield code="d">OCLCQ</subfield><subfield code="d">OCLCF</subfield><subfield code="d">OCLCO</subfield></datafield><datafield ind1="1" ind2=" " tag="029"><subfield code="a">AU@</subfield><subfield code="b">000013250964</subfield></datafield><datafield ind1=" " ind2=" " tag="042"><subfield code="a">msc</subfield></datafield><datafield ind1=" " ind2=" " tag="043"><subfield code="a">n-us-ct</subfield></datafield><datafield ind1="0" ind2="0" tag="245"><subfield code="a">Shepaug edition.</subfield></datafield><datafield ind1="1" ind2="7" tag="246"><subfield code="a">Shepaug edition of the New Milford times</subfield></datafield><datafield ind1=" " ind2=" " tag="260"><subfield code="a">New Milford, CT :</subfield><subfield code="b">Housatonic Valley Pub. Co.</subfield></datafield><datafield ind1=" " ind2=" " tag="300"><subfield code="a">v.</subfield></datafield><datafield ind1=" " ind2=" " tag="310"><subfield code="a">Weekly</subfield></datafield><datafield ind1=" " ind2=" " tag="500"><subfield code="a">At head of title: New Milford times.</subfield></datafield><datafield ind1=" " ind2=" " tag="500"><subfield code="a">"Incorporating the Housatonic weekend."</subfield></datafield><datafield ind1=" " ind2=" " tag="588"><subfield code="a">Description based on: Jan. 7, 1993.</subfield></datafield><datafield ind1=" " ind2="0" tag="651"><subfield code="a">Washington (Conn.)</subfield><subfield code="v">Newspapers.</subfield></datafield><datafield ind1=" " ind2="0" tag="651"><subfield code="a">Bridgewater (Conn. : Town)</subfield><subfield code="v">Newspapers.</subfield></datafield><datafield ind1=" " ind2="0" tag="651"><subfield code="a">Roxbury (Conn. : Town)</subfield><subfield code="v">Newspapers.</subfield></datafield><datafield ind1=" " ind2="7" tag="655"><subfield code="a">Newspapers.</subfield><subfield code="2">fast</subfield><subfield code="0">(OCoLC)fst01423814</subfield></datafield><datafield ind1=" " ind2="7" tag="651"><subfield code="a">Connecticut</subfield><subfield code="z">Bridgewater (Town)</subfield><subfield code="2">fast</subfield><subfield code="0">(OCoLC)fst01332867</subfield></datafield><datafield ind1=" " ind2="7" tag="651"><subfield code="a">Connecticut</subfield><subfield code="z">Roxbury (Town)</subfield><subfield code="2">fast</subfield><subfield code="0">(OCoLC)fst01332413</subfield></datafield><datafield ind1=" " ind2="7" tag="651"><subfield code="a">Connecticut</subfield><subfield code="z">Washington.</subfield><subfield code="2">fast</subfield><subfield code="0">(OCoLC)fst01223073</subfield></datafield><datafield ind1=" " ind2=" " tag="752"><subfield code="a">United States</subfield><subfield code="b">Connecticut</subfield><subfield code="c">Litchfield</subfield><subfield code="d">New Milford.</subfield></datafield><datafield ind1="1" ind2=" " tag="775"><subfield code="t">New Milford times</subfield><subfield code="w">(DLC)sn 92051599</subfield><subfield code="w">(OCoLC)27154944</subfield></datafield></record>